<?xml version="1.0" encoding="UTF-8"?><collection xmlns="http://www.loc.gov/MARC21/slim"><record><leader>00330nam--2200121-i-4500</leader><controlfield tag="001">000049164</controlfield><controlfield tag="002">20161230</controlfield><controlfield tag="005">20161230201047</controlfield><controlfield tag="008">060222s1000------------r-----000-0-eng-d</controlfield><datafield ind1=" " ind2=" " tag="100"><subfield code="a">Parr, G.And Davie, O.H</subfield></datafield><datafield ind1=" " ind2=" " tag="245"><subfield code="a">The cathode-ray tube and its applications</subfield></datafield><datafield ind1=" " ind2=" " tag="260"><subfield code="a">London, Chapman And Hall Ltd., 1959, Xii+433p</subfield></datafield><datafield ind1=" " ind2=" " tag="852"><subfield code="a">14815</subfield></datafield></record></collection>